@book{BornWolf:1999:Book,
  author = {Born, Max and Wolf, Emil},
  publisher = {Cambridge University Press},
  year = {1999},
  added-at = {2009-05-17T11:48:37.000+0200},
  asin = {0521642221},
  biburl = {https://www.bibsonomy.org/bibtex/26d133af442b7a40e9771e197b4e0965a/krisrowland},
  description = {Amazon.com: Principles of Optics: Electromagnetic Theory of Propagation, Interference and Diffraction of Light (7th Edition): Max Born, Emil Wolf: Books},
  dewey = {535},
  ean = {9780521642224},
  edition = {7th},
  interhash = {72fc3ff76b2bb3a293a5f4cffe818dbe},
  intrahash = {6d133af442b7a40e9771e197b4e0965a},
  isbn = {0521642221},
  keywords = {optics},
  timestamp = {2009-05-17T11:48:37.000+0200},
  title = {Principles of Optics: Electromagnetic Theory of Propagation, Interference and Diffraction of Light (7th Edition)},
}
@article{Yamada:20,
    author = {Jumpei Yamada and Satoshi Matsuyama and Raita Hirose and Yoshihiro Takeda and Yoshiki Kohmura and Makina Yabashi and Kazuhiko Omote and Tetsuya Ishikawa and Kazuto Yamauchi},
    year = {2020},
    journal = {Optica},
    keywords = {Computed tomography; Hard x rays; Image quality; Photon counting; X ray microscopy; X ray optics},
    number = {4},
    pages = {367--370},
    publisher = {OSA},
    title = {Compact full-field hard x-ray microscope based on advanced Kirkpatrick--Baez mirrors},
    volume = {7},
    month = {Apr},
    url = {http://www.osapublishing.org/optica/abstract.cfm?URI=optica-7-4-367},
    doi = {10.1364/OPTICA.386012},
}
@article{Gaskin2019,
    author = {Gaskin, Jessica A. and Swartz, Douglas A.},
    year = {2019},
    doi = {10.1117/1.jatis.5.2.021001},
    file = {:Users/dieu{\_}detruit/Downloads/021001{\_}1.pdf:pdf},
    issn = {2329-4124},
    journal = {Journal of Astronomical Telescopes, Instruments, and Systems},
    number = {02},
    pages = {1},
    title = {{Lynx X-Ray Observatory: an overview}},
    volume = {5},
}
